@String{cgforum = "Computer Graphics Forum"}
@String{tog = "ACM TOG"}

@article{Kingma2014,
  author    = {Diederik P. Kingma and Jimmy Ba},
  title     = {Adam: A Method for Stochastic Optimization},
  journal   = {arxiv:1412.6980},
  year      = {2014},
}

@article{david2019mitsuba,
author = {Nimier-David, Merlin and Vicini, Delio and Zeltner, Tizian and Jakob, Wenzel},
title = {Mitsuba 2: A Retargetable Forward and Inverse Renderer},
year = {2019},
issue_date = {November 2019},
publisher = {Association for Computing Machinery},
address = {New York, NY, USA},
volume = {38},
number = {6},
issn = {0730-0301},
url = {https://doi.org/10.1145/3355089.3356498},
doi = {10.1145/3355089.3356498},
journal = {ACM Trans. Graph.},
month = nov,
articleno = {Article 203},
numpages = {17},
keywords = {ray tracing, global illumination, differentiable rendering, SIMD}
}

@article{kallweit2017deep,
author = {Kallweit, Simon and M\"{u}ller, Thomas and Mcwilliams, Brian and Gross, Markus and Nov\'{a}k, Jan},
title = {Deep Scattering: Rendering Atmospheric Clouds with Radiance-Predicting Neural Networks},
year = {2017},
issue_date = {November 2017},
publisher = {Association for Computing Machinery},
address = {New York, NY, USA},
volume = {36},
number = {6},
issn = {0730-0301},
url = {https://doi.org/10.1145/3130800.3130880},
doi = {10.1145/3130800.3130880},
journal = {ACM Trans. Graph.},
month = nov,
articleno = {Article 231},
numpages = {11},
keywords = {participating media, deep learning, Monte Carlo rendering, phase functions, machine learning, clouds}
}

@ARTICLE{satilmis2017machine, 
author={P. {Satilmis} and T. {Bashford-Rogers} and A. {Chalmers} and K. {Debattista}}, journal={IEEE Computer Graphics and Applications}, 
title={A Machine-Learning-Driven Sky Model}, 
year={2017}, 
volume={37}, 
number={1}, 
pages={80-91},
}

@article{Buhmann:1998:DCQ,
	AUTHOR = {J. M. Buhmann and D. W. Fellner and M. Held and J.
		Ketterer and J. Puzicha},
	TITLE = {Dithered Color Quantization},
	JOURNAL = cgforum,
	EDITOR = {N. Ferreira and M. G\"{o}bel},
	VOLUME = {17},	NUMBER = {3},
	MONTH = Sep,	YEAR = {1998},	PAGES = {C219-C231},
	DOI = {10.1111/1467-8659.00269},
  NOTE = {(Proc. Eurographics'98)
	       \httpsAddr{//diglib.eg.org/handle/10.2312/8491}} }

@ARTICLE{Fellner-Helmberg93,
	AUTHOR = {Fellner, Dieter W. and Helmberg, Christoph},
	TITLE = {Robust Rendering of General Ellipses and Elliptical Arcs},
	JOURNAL = tog,
	VOLUME = {12},	NUMBER = {3},
	MONTH = Jul,	YEAR = {1993},	PAGES = {251-276},
  DOI= {10.1145/169711.169704}
  }

@BOOK (FolDamFeiHug.etal93,
	AUTHOR = {Foley, James D. and van Dam, Andries and
		Feiner, Stephen K. and Hughes, John F. and Phillips, R.},
	TITLE = {Introduction to Computer Graphics},
	PUBLISHER = {Addison-Wesley},
	YEAR = {1993} )

@ARTICLE{Kobbelt97-USHDR,
	author = {L. Kobbelt and M. Stamminger and H.-P. Seidel},
	title = {Using Subdivision on Hierarchical Data to Reconstruct Radiosity
		Distribution},
	JOURNAL = cgforum,
	volume = 16,	number = 3,	pages = {C347-C355},
	year = 1997,
	DOI = {10.1111/1467-8659.16.3conferenceissue.36},
	note = {(Proc. Eurographics'97)
	       \httpsAddr{//diglib.eg.org/handle/10.2312/8393}} }

@INPROCEEDINGS{Lafortune97-NARF,
	author = {Eric P. Lafortune and Sing-Choong Foo and Kenneth E. Torrance and
		Donald P. Greenberg},
	title = {Non-Linear Approximation of Reflectance Functions},
	booktitle = {Proc. SIGGRAPH '97},
	volume = 31,	pages = {117-126},
	year = 1997,
	DOI = {10.1145/258734.258801}
  }

@ARTICLE (Lous90,
	AUTHOR = {Y. Le Lous},
	TITLE = {Report on the {F}irst {E}urographics {W}orkshop on {V}isualization in
		{S}cientific {C}omputing},
	JOURNAL = cgforum,
	VOLUME = {9},	NUMBER = {4},
	MONTH = dec,	YEAR = {1990},	PAGES = {371-372},
  DOI= {10.1111/j.1467-8659.1990.tb00430.x}
  )

@ARTICLE (Seidel93,
	AUTHOR = {Seidel, Hans-Peter},
	TITLE = {Polar Forms for Geometrically Continuous Spline Curves of
		Arbitrary Degree},
	JOURNAL = tog,
	VOLUME = {12},	NUMBER = {1},
	MONTH = Jan,	YEAR = {1993},	PAGES = {1-34},
  DOI= {10.1145/169728.169726}
  )

% =============

@book{GameEngineGems2_2011,
  title={Game Engine Gems 2},
  author={Lengyel, E.},
  isbn={9781439869772},
  series={EBL-Schweitzer},
  url={https://books.google.pl/books?id=ujfOBQAAQBAJ},
  year={2011},
  publisher={CRC Press}
}

@inproceedings{Bruneton2008,
  title={Precomputed atmospheric scattering},
  author={Bruneton, Eric and Neyret, Fabrice},
  booktitle={Computer Graphics Forum},
  volume={27},
  issue={4},
  pages={1079--1086},
  year={2008},
  organization={Wiley Online Library}
}

@article{Bruneton2017,
  title={A Qualitative and Quantitative Evaluation of 8 Clear Sky Models},
  author={Bruneton, Eric},
  journal={IEEE transactions on visualization and computer graphics},
  volume={23},
  number={12},
  pages={2641--2655},
  year={2017},
  publisher={IEEE}
}

@article{Lipinski2012,
  title={On domain selection for additive, blind image watermarking},
  author={Lipi{\'n}ski, P},
  journal={Bulletin of the Polish Academy of Sciences: Technical Sciences},
  volume={60},
  number={2},
  pages={317--321},
  year={2012},
  publisher={Versita}
}

@article{Puchala2013,
  title={Approximating the KLT by maximizing the sum of fourth-order moments},
  author={Pucha{\l}a, Dariusz},
  journal={IEEE Signal Processing Letters},
  volume={20},
  number={3},
  pages={193--196},
  year={2013},
  publisher={IEEE}
}

@article{Canuto2008,
  title={Mathematical Analysis I, translated by: Simon G},
  author={Canuto, C and Tabacco, A},
  journal={Chiossi, Institut f{\"u}r Mathematik, Humboldt Universit{\"a}t zu Berlin},
  year={2008}
}

@inproceedings{Nishita1993,
  title={Display of the earth taking into account atmospheric scattering},
  author={Nishita, Tomoyuki and Sirai, Takao and Tadamura, Katsumi and Nakamae, Eihachiro},
  booktitle={Proceedings of the 20th annual conference on Computer graphics and interactive techniques},
  pages={175--182},
  year={1993},
  organization={ACM}
}

@inproceedings{Nishita1996,
  title={Display method of the sky color taking into account multiple scattering},
  author={Nishita, Tomoyuki and Dobashi, Yoshinori and Kaneda, Kazufumi and Yamashita, Hideo},
  booktitle={Pacific Graphics},
  volume={96},
  pages={117--132},
  year={1996}
}

@article{ONeil2005,
  title={Accurate atmospheric scattering},
  author={O`Neil, Sean},
  journal={GPU Gems},
  volume={2},
  pages={253--268},
  year={2005}
}

@inproceedings{Jelliti2016,
  title={Design of crowdsourcing system for analysis of gravitational flow using x-ray visualization},
  author={Jelliti, Ibrahim and Romanowski, Andrzej and Grudzien, Krzysztof},
  booktitle={Computer Science and Information Systems (FedCSIS), 2016 Federated Conference on},
  pages={1613--1619},
  year={2016},
  organization={IEEE}
}

@inproceedings{Preetham1999,
  title={A practical analytic model for daylight},
  author={Preetham, Arcot J and Shirley, Peter and Smits, Brian},
  booktitle={Proceedings of the 26th annual conference on Computer graphics and interactive techniques},
  pages={91--100},
  year={1999},
  organization={ACM Press/Addison-Wesley Publishing Co.}
}

@inproceedings{Wojciechowski2014,
  title={Exponentially smoothed interactive gaze tracking method},
  author={Wojciechowski, Adam and Fornalczyk, Krzysztof},
  booktitle={International Conference on Computer Vision and Graphics},
  pages={645--652},
  year={2014},
  organization={Springer}
}

@article{Wojciechowski2016,
  title={GPU assisted self-collisions of cloths},
  author={Wojciechowski, Adam and Ga{\l}aj, Tomasz},
  journal={Journal of Applied Computer Science},
  volume={24},
  number={2},
  pages={39--54},
  year={2016}
}

@article{Schafhitzel2007,
  title={Real-time rendering of planets with atmospheres},
  author={Schafhitzel, Tobias and Falk, Martin and Ertl, Thomas},
  year={2007},
  publisher={V{\'a}clav Skala-UNION Agency},
  journal={WSCG International Conference in Central Europe on Computer Graphics, Visualization and Computer Vision}
}

@article{Zotti2007,
  title={A critical review of the Preetham skylight model},
  author={Zotti, Georg and Wilkie, Alexander and Purgathofer, Werner},
  year={2007},
  publisher={V{\'a}clav Skala-UNION Agency},
  journal={WSCG International Conference in Central Europe on Computer Graphics, Short Communications Papers Proceedings}
}

@article{Darula2002,
  title={CIE general sky standard defining luminance distributions},
  author={Darula, Stanislav and Kittler, Richard},
  journal={Proceedings eSim},
  pages={11--13},
  year={2002}
}

@inproceedings{Elek2009,
  title={Rendering parametrizable planetary atmospheres with multiple scattering in real-time},
  author={Elek, Oskar},
  booktitle={Proceedings of the Central European Seminar on Computer Graphics},
  year={2009},
  organization={Citeseer}
}

@inproceedings{Fornalczyk2015,
  title={Stereoscopic image perception quality factors},
  author={Fornalczyk, Krzysztof and Napieralski, Piotr and Szajerman, Dominik and Wojciechowski, Adam and Sztoch, Przemys{\l}aw and Wawrzyniak, Jakub},
  booktitle={Mixed Design of Integrated Circuits \& Systems (MIXDES), 2015 22nd International Conference},
  pages={129--133},
  year={2015},
  organization={IEEE}
}

@article{Karasulu2010,
  title={Image segmentation using fuzzy logic, neural networks and genetic algorithms: Survey and trends},
  author={Karasulu, Bahadir and Balli, Serkan},
  journal={Machine Graphics \& Vision International Journal},
  volume={19},
  number={4},
  pages={367--409},
  year={2010},
  publisher={Polish Academy of Sciences}
}

@article{Wojciechowski2013,
  title={Camera navigation support in a virtual environment},
  author={Wojciechowski, A},
  journal={Bulletin of the Polish Academy of Sciences: Technical Sciences},
  volume={61},
  number={4},
  pages={871--884},
  year={2013},
  publisher={Versita}
}

@incollection{Goshtasby2012,
  title={Similarity and dissimilarity measures},
  author={Goshtasby, A Ardeshir},
  booktitle={Image registration},
  pages={7--66},
  year={2012},
  publisher={Springer}
}

@article{Guzek2016,
  title={Rendering participating media with streamed photon mapping},
  author={Guzek, Krzysztof and Napieralski, Piotr},
  journal={Journal of Applied Computer Science},
  volume={24},
  number={1},
  pages={7--15},
  year={2016}
}

@article{Kider2014,
  title={A framework for the experimental comparison of solar and skydome illumination},
  author={Kider Jr, Joseph T and Knowlton, Daniel and Newlin, Jeremy and Li, Yining Karl and Greenberg, Donald P},
  journal={ACM Transactions on Graphics (TOG)},
  volume={33},
  number={6},
  pages={180},
  year={2014},
  publisher={ACM}
}

@inproceedings{Peleshko2016,
  title={Two-frames image superresolution based on the aggregate divergence matrix},
  author={Peleshko, Dmytro and Rak, Taras and Peleshko, Marta and Izonin, Ivan and Batyuk, Danylo},
  booktitle={Data Stream Mining \& Processing (DSMP), IEEE First International Conference on},
  pages={235--238},
  year={2016},
  organization={IEEE}
}

@inproceedings{Polyakova2016,
  title={The methods of image segmentation based on distributions and wavelet transform},
  author={Polyakova, Marina and Krylov, Victor and Volkova, Natalya},
  booktitle={Data Stream Mining \& Processing (DSMP), IEEE First International Conference on},
  pages={243--247},
  year={2016},
  organization={IEEE}
}

@inproceedings{Wang2003,
  title={Multiscale structural similarity for image quality assessment},
  author={Wang, Zhou and Simoncelli, Eero P and Bovik, Alan C},
  booktitle={The Thrity-Seventh Asilomar Conference on Signals, Systems \& Computers, 2003},
  volume={2},
  pages={1398--1402},
  year={2003},
  organization={Ieee}
}

@article{Wang2004,
  title={Image quality assessment: from error visibility to structural similarity},
  author={Wang, Zhou and Bovik, Alan C and Sheikh, Hamid R and Simoncelli, Eero P},
  journal={IEEE transactions on image processing},
  volume={13},
  number={4},
  pages={600--612},
  year={2004},
  publisher={IEEE}
}

@inproceedings{Ward1994,
  title={The RADIANCE lighting simulation and rendering system},
  author={Ward, Gregory J},
  booktitle={Proceedings of the 21st annual conference on Computer graphics and interactive techniques},
  pages={459--472},
  year={1994},
  organization={ACM}
}

@inproceedings{Wenzel2006,
  title={Real-time atmospheric effects in games},
  author={Wenzel, Carsten},
  booktitle={ACM SIGGRAPH 2006 Courses},
  pages={113--128},
  year={2006},
  organization={ACM}
}

@article{Yee2004,
  title={Perceptual metric for production testing},
  author={Yee, Hector},
  journal={Journal of Graphics Tools},
  volume={9},
  number={4},
  pages={33--40},
  year={2004},
  publisher={Taylor \& Francis}
}

@article{Youssef2010,
  title={Image segmentation using streamlines analogy},
  author={Youssef, BA},
  journal={Machine Graphics \& Vision International Journal},
  volume={19},
  number={1},
  pages={19--31},
  year={2010},
  publisher={Polish Academy of Sciences}
}

@book{Jarosz2008,
  title={Efficient Monte Carlo methods for light transport in scattering media},
  author={Jarosz, Wojciech},
  year={2008},
  publisher={Citeseer}
}

@article{Hosek2012,
  title={An analytic model for full spectral sky-dome radiance},
  author={Hosek, Lukas and Wilkie, Alexander},
  journal={ACM Transactions on Graphics (TOG)},
  volume={31},
  number={4},
  pages={95},
  year={2012},
  publisher={ACM}
}

@article{Yusov2014,
  title={High performance outdoor light scattering using epipolar sampling},
  author={Yusov, Egor},
  journal={GPU Pro},
  volume={5},
  pages={101--126},
  year={2014}
}

@article{Gibbs1997,
  title={Why is the sky blue?},
  author={Gibbs, Philip},
  journal={Original Usenet Physics FAQ. Retrieved October},
  volume={3},
  pages={2015},
  year={1997}
}

@article{Frisvad2007,
  title={Computing the scattering properties of participating media using Lorenz-Mie theory},
  author={Frisvad, Jeppe Revall and Christensen, Niels J{\o}rgen and Jensen, Henrik Wann},
  journal={ACM Transactions on Graphics (TOG)},
  volume={26},
  number={3},
  pages={60},
  year={2007},
  publisher={ACM}
}

@article{Stair1954spectral,
  title={Spectral distribution of energy from the sun},
  author={Stair, Ralph and Johnston, Russell G and Bagg, Thomas C},
  journal={Journal of Research of the National Bureau of Standards},
  volume={53},
  number={2},
  pages={113--119},
  year={1954},
  publisher={National Bureau of Standards}
}

@article{Haber2005,
  title={Physically-based simulation of twilight phenomena},
  author={Haber, J{\"o}rg and Magnor, Marcus and Seidel, Hans-Peter},
  journal={ACM Transactions on Graphics (TOG)},
  volume={24},
  number={4},
  pages={1353--1373},
  year={2005},
  publisher={ACM}
}

@article{Mayer2005libradtran,
  title={The libRadtran software package for radiative transfer calculations-description and examples of use},
  author={Mayer, Bernhard and Kylling, Arve},
  journal={Atmospheric Chemistry and Physics},
  volume={5},
  number={7},
  pages={1855--1877},
  year={2005},
  publisher={Copernicus GmbH}
}

@inproceedings{Galaj2018study,
  title={A Study on Image Comparison Metrics for Atmospheric Scattering Phenomenon Rendering},
  author={Ga{\l}aj, Tomasz and Wojciechowski, Adam},
  booktitle={International Conference on Computer Vision and Graphics},
  pages={38--47},
  year={2018},
  organization={Springer}
}

@mastersthesis{Bodare2014efficient,
  title={Efficient and Dynamic Atmospheric Scattering},
  author={Bodare, Gustav and Sandberg, Edvard},
  year={2014}
}

@inproceedings{reinhard2002photographic,
  title={Photographic tone reproduction for digital images},
  author={Reinhard, Erik and Stark, Michael and Shirley, Peter and Ferwerda, James},
  booktitle={Proceedings of the 29th annual conference on Computer graphics and interactive techniques},
  pages={267--276},
  year={2002}
}

